@Article{ferreboeuf2019pour,
  title={Pour une sobri{\'e}t{\'e} num{\'e}rique},
  author={Ferreboeuf, Hugues},
  journal={Futuribles},
  number={2},
  pages={15--31},
  year={2019},
  publisher={Futuribles}
}
@book{flipo2013face,
  title={La face cach{\'e}e du num{\'e}rique. L'impact environnemental des nouvelles technologies},
  author={Flipo, Fabrice and Dobr{\'e}, Michelle and Michot, Marion},
  year={2013},
  publisher={{\'E}chapp{\'e}e (L')}
}
@misc{gossart2012impacts,
  title={Les impacts {\'e}cologiques des Technologies de l’Information et de la Communication},
  author={Gossart, C{\'e}dric and others},
  year={2012},
  publisher={Paris: EDP SCIENCES}
}
@misc{eucriticalrawmaterials,
  title={CMMUNICATION FROM THE COMMISSION TO THE EUROPEAN PARLIAMENT, THE COUNCIL, THE EUROPEAN ECONOMIC AND SOCIAL COMMITTEE AND THE COMMITTEE OF THE REGIONS on the 2017 list of Critical Raw Materials for the EU},
  author={European commission},
  year={2017},
  publisher={European commission}
}
@misc{strategiechinoise,
  title={Le développement de la chine, une stratégie de très longue période},
  author={Georges Ricci},
  year={2021},
  publisher={X-Alternative}
}
@misc{brgm2013,
  title={Réévaluation du potentiel français en ressources minérales},
  author={Bertrand G., Dupuy J.-J. and others},
  year={2013},
  publisher={BRGM}
}
@misc{hunhold2017unum,
      title={The Unum Number Format: Mathematical Foundations, Implementation and Comparison to IEEE 754 Floating-Point Numbers}, 
      author={Laslo Hunhold},
      year={2017},
      eprint={1701.00722},
      archivePrefix={arXiv},
      primaryClass={cs.NA}
}
@misc{interet2020servicespublics,
	title={Services publics, biens communs de la République --- Épisode III, 11 principes pour les Services publics du XXIe siècle},
	author={Intérêt Général},
	year={2020},
	publisher={Intérêt Général}
}
@misc{interet2019europe,
	title={ Traités européens~: scénario pour une rupture},
	author={Intérêt Général},
	year={2019},
	publisher={Intérêt Général}
}